<record><leader>00000cas a22000007a 4500</leader><controlfield tag="001">14291840</controlfield><controlfield tag="008">861002d18021802dcudn ne      0    0eng d</controlfield><datafield ind1=" " ind2=" " tag="010"><subfield code="a">sn 86053754 </subfield></datafield><datafield ind1=" " ind2=" " tag="040"><subfield code="a">NPX</subfield><subfield code="b">eng</subfield><subfield code="c">NPX</subfield><subfield code="d">OCLCG</subfield><subfield code="d">OCLCQ</subfield></datafield><datafield ind1=" " ind2=" " tag="042"><subfield code="a">msc</subfield></datafield><datafield ind1="0" ind2=" " tag="130"><subfield code="a">Apollo (Washington, D.C.)</subfield></datafield><datafield ind1="1" ind2="4" tag="245"><subfield code="a">The Apollo.</subfield></datafield><datafield ind1=" " ind2=" " tag="260"><subfield code="a">Washington City [D.C.] :</subfield><subfield code="b">W. Duane &amp; Son,</subfield><subfield code="c">1802.</subfield></datafield><datafield ind1=" " ind2=" " tag="300"><subfield code="a">1 no. ;</subfield><subfield code="c">44 cm.</subfield></datafield><datafield ind1=" " ind2=" " tag="310"><subfield code="a">Daily ("triweekly as required")</subfield></datafield><datafield ind1="0" ind2=" " tag="362"><subfield code="a">No. 1 (May 1, 1802).</subfield></datafield><datafield ind1=" " ind2=" " tag="500"><subfield code="a">Specimen number: May 1, 1802.</subfield></datafield><datafield ind1="4" ind2=" " tag="510"><subfield code="a">Shaw &amp; Shoemaker</subfield><subfield code="c">1766</subfield></datafield><datafield ind1="4" ind2=" " tag="510"><subfield code="a">Brigham, C.S. Amer. newspapers,</subfield><subfield code="c">p. 98</subfield></datafield><datafield ind1=" " ind2=" " tag="515"><subfield code="a">No more published? Cf. Brigham, C.S. Amer. newspapers.</subfield></datafield><datafield ind1="1" ind2=" " tag="700"><subfield code="a">Duane, William,</subfield><subfield code="d">1760-1835.</subfield></datafield><datafield ind1="1" ind2=" " tag="700"><subfield code="a">Duane, William J.</subfield><subfield code="q">(William John),</subfield><subfield code="d">1780-1865.</subfield></datafield><datafield ind1=" " ind2=" " tag="752"><subfield code="a">United States</subfield><subfield code="b">District of Columbia</subfield><subfield code="d">Washington.</subfield></datafield><datafield ind1="1" ind2=" " tag="029"><subfield code="a">AU@</subfield><subfield code="b">000025794582</subfield></datafield></record>